@article{martin2000speech,
title={Speech and language processing},
author={Martin, James H and Jurafsky, Daniel},
journal={International Edition},
year={2000}
}
@article{bies2012english,
title={English web treebank},
author={Bies, Ann and Mott, Justin and Warner, Colin and Kulick, Seth},
journal={Linguistic Data Consortium, Philadelphia, PA},
year={2012}
}
@misc{ wiki:Principle_of_compositionality,
author = "Wikipedia",
title = "{Principle of compositionality} --- {W}ikipedia{,} The Free Encyclopedia",
year = {2016},
howpublished = {\url{https://en.wikipedia.org/wiki/Principle_of_compositionality}},
note = "[Online; accessed 13-May-2016]"
}
@misc{dixon2004adjective,
title={Adjective classes in typological perspective. Adjective classes: A crosslinguistic typology, ed. by RMW Dixon and Alexandra Y. Aikhenvald, 1-49},
author={Dixon, Robert MW},
year={2004},
publisher={Oxford: Oxford University Press}
}
@article{bowman2015large,
title={A large annotated corpus for learning natural language inference},
author={Bowman, Samuel R and Angeli, Gabor and Potts, Christopher and Manning, Christopher D},
journal={arXiv preprint arXiv:1508.05326},
year={2015}
}
@book{weaver1955,
title={Machine Translation of Languages},
author={Weaver, Warren},
pages={15--23},
year={1955},
translator={In Locke, W. N. and Boothe, A. D. (Eds.)},
publisher={MIT Press}
}
@book{fellbaum1998wordnet,
title={WordNet},
author={Fellbaum, Christiane},
year={1998},
publisher={Wiley Online Library}
}
@inproceedings{brants2000tnt,
title={TnT: a statistical part-of-speech tagger},
author={Brants, Thorsten},
booktitle={Proceedings of the sixth conference on Applied natural language processing},
pages={224--231},
year={2000},
organization={Association for Computational Linguistics}
}
@inproceedings{ciaramita2003supersense,
title={Supersense tagging of unknown nouns in WordNet},
author={Ciaramita, Massimiliano and Johnson, Mark},
booktitle={Proceedings of the 2003 conference on Empirical methods in natural language processing},
pages={168--175},
year={2003},
organization={Association for Computational Linguistics}
}
@inproceedings{collins2002discriminative,
title={Discriminative training methods for hidden markov models: Theory and experiments with perceptron algorithms},
author={Collins, Michael},
booktitle={Proceedings of the ACL-02 conference on Empirical methods in natural language processing-Volume 10},
pages={1--8},
year={2002},
organization={Association for Computational Linguistics}
}
@misc{dimsum16web,
author = {Hovy, Dirk and Schneider, Nathan and Johannsen, Anders and Carpuat, Marine},
title = {{SemEval 2016 Task 10} Detecting Minimal Semantic Units and their Meanings (DiMSUM)},
year = 2016,
url = {\url{http://dimsum16.github.io/}},
howpublished = {\url{http://dimsum16.github.io/}},
urldate = {2016
}
@misc{dimsum16webdata,
author = {Hovy, Dirk and Schneider, Nathan and Johannsen, Anders and Carpuat, Marine},
title = {{SemEval 2016 Task 10} Data Conditions},
year = 2016,
url = {\url{http://dimsum16.github.io/#data-conditions}},
howpublished = {\url{http://dimsum16.github.io/#data-conditions}},
urldate = {2016}
}
@misc{githubglampletagger,
author = {Guillaume Lample, Miguel Ballesteros, Sandeep Subramanian, Kazuya Kawakami, Chris Dyer},
title = {Tagger},
year = {2016},
publisher = {GitHub},
journal = {GitHub repository},
howpublished = {\url{https://github.com/glample/tagger}},
}
@misc{githubnatemccoytagger,
author = {Nathan McCoy, Guillaume Lample, Miguel Ballesteros, Sandeep Subramanian, Kazuya Kawakami, Chris Dyer},
title = {Tagger},
year = {2016},
publisher = {GitHub},
journal = {GitHub repository},
howpublished = {\url{https://github.com/natemccoy/tagger}},
}
@misc{word2vecgooglecodeweb,
author = "Google Inc.",
title = "word2vec Google Code Repository",
year = {2013},
howpublished = {\url{https://code.google.com/archive/p/word2vec/}},
}
@article{schuster1997bidirectional,
title={Bidirectional recurrent neural networks},
author={Schuster, Mike and Paliwal, Kuldip K},
journal={IEEE Transactions on Signal Processing},
volume={45},
number={11},
pages={2673--2681},
year={1997},
publisher={IEEE}
}
@inproceedings{Johannsen:ea:14,
Author = {Anders Johannsen and Dirk Hovy and Héctor Martinez and Barbara Plank and Anders Søgaard},
Booktitle = {The 3rd Joint Conference on Lexical and Computational Semantics (*SEM)},
Title = {More or less supervised super-sense tagging of Twitter},
Address = {Dublin, Ireland},
Year = {2014}
}
@article{nunberg1994idioms,
  title={Idioms},
  author={Nunberg, Geoffrey and Sag, Ivan A and Wasow, Thomas},
  journal={Language},
  pages={491--538},
  year={1994},
  publisher={JSTOR}
}
@inproceedings{cook2007pulling,
  title={Pulling their weight: Exploiting syntactic forms for the automatic identification of idiomatic expressions in context},
  author={Cook, Paul and Fazly, Afsaneh and Stevenson, Suzanne},
  booktitle={Proceedings of the workshop on a broader perspective on multiword expressions},
  pages={41--48},
  year={2007},
  organization={Association for Computational Linguistics}
}
@inproceedings{lafferty2001conditional,
  title={Conditional random fields: Probabilistic models for segmenting and labeling sequence data},
  author={Lafferty, John and McCallum, Andrew and Pereira, Fernando},
  booktitle={Proceedings of the eighteenth international conference on machine learning, ICML},
  volume={1},
  pages={282--289},
  year={2001}
}
@misc{neuralnetdiagram,
author = "Gonzalo Medina",
title = "TeX: StackExchange: Diagram of an artificial neural network",
year = {2013},
howpublished = {\url{http://tex.stackexchange.com/questions/132444/diagram-of-an-artificial-neural-network}},
}
@misc{understandinglstmolah,
author = "Christopher Olah",
title = "Understanding LSTM Networks",
year = {2015},
howpublished = {\url{http://colah.github.io/posts/2015-08-Understanding-LSTMs/}},
}